@manual{ay38910,
  title = {AY-3-8910/8912 Programmable Sound
	Generator Data Manual},
  month = feb,
  ORGANIZATION = {General Instruments Corporation},
  year = 1979,
}

@manual{ht16k33,
  title = {HT16K33: RAM Mapping 16*8 LED Controller Driver with keyscan},
  month = may,
  ORGANIZATION = {Holtek},
  year = 2011,
}

@MISC{bcm2835,
  AUTHOR = {Mike McCauley},
  TITLE = {C library for {Broadcom BCM} 2835 as used in {Raspberry Pi}},
  HOWPUBLISHED = {\url{http://www.airspayce.com/mikem/bcm2835/}},
}

